
                <marcx:record format="danMARC2" type="BibliographicMain">
                  <marcx:leader>000000000000000000000000</marcx:leader>
                  <marcx:datafield ind1="0" ind2="0" tag="001">
                    <marcx:subfield code="a">50350215</marcx:subfield>
                    <marcx:subfield code="b">870970</marcx:subfield>
                    <marcx:subfield code="c">19890602</marcx:subfield>
                    <marcx:subfield code="d">19811023</marcx:subfield>
                    <marcx:subfield code="f">a</marcx:subfield>
                    <marcx:subfield code="o">c</marcx:subfield>
                  </marcx:datafield>
                  <marcx:datafield ind1="0" ind2="0" tag="004">
                    <marcx:subfield code="r">n</marcx:subfield>
                    <marcx:subfield code="a">h</marcx:subfield>
                  </marcx:datafield>
                  <marcx:datafield ind1="0" ind2="0" tag="008">
                    <marcx:subfield code="b">dk</marcx:subfield>
                    <marcx:subfield code="v">0</marcx:subfield>
                  </marcx:datafield>
                  <marcx:datafield ind1="0" ind2="0" tag="009">
                    <marcx:subfield code="a">a</marcx:subfield>
                    <marcx:subfield code="g">xx</marcx:subfield>
                  </marcx:datafield>
                  <marcx:datafield ind1="0" ind2="0" tag="021">
                    <marcx:subfield code="a">87-00-04222-6</marcx:subfield>
                    <marcx:subfield code="b">kplt 8 bind</marcx:subfield>
                    <marcx:subfield code="c">ib.</marcx:subfield>
                    <marcx:subfield code="d">i subskription pr bind kr 278.00</marcx:subfield>
                  </marcx:datafield>
                  <marcx:datafield ind1="0" ind2="0" tag="100">
                    <marcx:subfield code="a">Ꜳlbæk Jensen</marcx:subfield>
                    <marcx:subfield code="h">Erik</marcx:subfield>
                  </marcx:datafield>
                  <marcx:datafield ind1="0" ind2="0" tag="245">
                    <marcx:subfield code="a">Livet på øerne</marcx:subfield>
                    <marcx:subfield code="e">[af] Erik Ꜳlbæk Jensen</marcx:subfield>
                  </marcx:datafield>
                  <marcx:datafield ind1="0" ind2="0" tag="260">
                    <marcx:subfield code="&amp;">1</marcx:subfield>
                    <marcx:subfield code="a">[Kbh.]</marcx:subfield>
                    <marcx:subfield code="b">Gyldendal</marcx:subfield>
                    <marcx:subfield code="c">1981-1987</marcx:subfield>
                  </marcx:datafield>
                  <marcx:datafield ind1="0" ind2="0" tag="300">
                    <marcx:subfield code="a">8 bind</marcx:subfield>
                    <marcx:subfield code="b">ill., delvis i farver</marcx:subfield>
                    <marcx:subfield code="c">26 cm</marcx:subfield>
                  </marcx:datafield>
                  <marcx:datafield ind1="0" ind2="0" tag="652">
                    <marcx:subfield code="m">46</marcx:subfield>
                  </marcx:datafield>
                  <marcx:datafield ind1="0" ind2="0" tag="900">
                    <marcx:subfield code="a">Jensen</marcx:subfield>
                    <marcx:subfield code="h">Erik Ꜳlbæk</marcx:subfield>
                    <marcx:subfield code="z">100</marcx:subfield>
                  </marcx:datafield>
                </marcx:record>