
                <marcx:record format="danMARC2" type="BibliographicVolume">
                  <marcx:leader>000000000000000000000000</marcx:leader>
                  <marcx:datafield ind1="0" ind2="0" tag="001">
                    <marcx:subfield code="a">06646840</marcx:subfield>
                    <marcx:subfield code="b">870970</marcx:subfield>
                    <marcx:subfield code="c">19890602</marcx:subfield>
                    <marcx:subfield code="d">19880114</marcx:subfield>
                    <marcx:subfield code="f">a</marcx:subfield>
                    <marcx:subfield code="o">c</marcx:subfield>
                  </marcx:datafield>
                  <marcx:datafield ind1="0" ind2="0" tag="004">
                    <marcx:subfield code="r">n</marcx:subfield>
                    <marcx:subfield code="a">b</marcx:subfield>
                  </marcx:datafield>
                  <marcx:datafield ind1="0" ind2="0" tag="008">
                    <marcx:subfield code="t">m</marcx:subfield>
                    <marcx:subfield code="u">f</marcx:subfield>
                    <marcx:subfield code="a">1987</marcx:subfield>
                    <marcx:subfield code="l">dan</marcx:subfield>
                    <marcx:subfield code="v">0</marcx:subfield>
                  </marcx:datafield>
                  <marcx:datafield ind1="0" ind2="0" tag="014">
                    <marcx:subfield code="a">50350215</marcx:subfield>
                  </marcx:datafield>
                  <marcx:datafield ind1="0" ind2="0" tag="021">
                    <marcx:subfield code="a">87-00-73081-5</marcx:subfield>
                    <marcx:subfield code="d">kr. 348,00</marcx:subfield>
                  </marcx:datafield>
                  <marcx:datafield ind1="0" ind2="0" tag="032">
                    <marcx:subfield code="a">DBF198805</marcx:subfield>
                    <marcx:subfield code="x">SFD198805</marcx:subfield>
                    <marcx:subfield code="x">NDF190305</marcx:subfield>
                  </marcx:datafield>
                  <marcx:datafield ind1="0" ind2="0" tag="245">
                    <marcx:subfield code="&amp;">b</marcx:subfield>
                    <marcx:subfield code="a">Langs Jyllands vestkyst</marcx:subfield>
                    <marcx:subfield code="f">[korttegninger: Alice Rosenstand</marcx:subfield>
                    <marcx:subfield code="f">sort-hvide fotografier: Erik Ꜳlbæk Jensen</marcx:subfield>
                    <marcx:subfield code="f">farvefotografier: Austin Grandjean</marcx:subfield>
                    <marcx:subfield code="f">fotografier side ...: Palle Uhd Jepsen ... Thorkild Balslev]</marcx:subfield>
                  </marcx:datafield>
                  <marcx:datafield ind1="0" ind2="0" tag="260">
                    <marcx:subfield code="&amp;">1</marcx:subfield>
                    <marcx:subfield code="c">1987</marcx:subfield>
                    <marcx:subfield code="k">Nørhaven,Viborg</marcx:subfield>
                  </marcx:datafield>
                  <marcx:datafield ind1="0" ind2="0" tag="300">
                    <marcx:subfield code="a">343 sider</marcx:subfield>
                  </marcx:datafield>
                  <marcx:datafield ind1="0" ind2="0" tag="530">
                    <marcx:subfield code="&amp;">1</marcx:subfield>
                    <marcx:subfield code="a">Indhold: Havboer ; Hindø ; Tipperne ; Langli ; Fanø ; Mandø ; Rømø ; Jordsand</marcx:subfield>
                  </marcx:datafield>
                </marcx:record>
              </marcx:collection>
              <os:identifier>870970-basis:06646840</os:identifier>
              <os:creationDate>2005-03-01</os:creationDate>
<os:holdingsCount>12</os:holdingsCount>
<os:lendingLibraries>12</os:lendingLibraries>
            <os:formatsAvailable>
              <os:format>dkabm</os:format>
            </os:formatsAvailable>
          </os:object>
        </os:collection>
      </ns1:originalData>
      <ns1:outputFormat>fullDisplay</ns1:outputFormat>
    </ns1:formatRequest>
  </SOAP-ENV:Body>
</SOAP-ENV:Envelope>
